Trade_Time,Price_USD,Volume_BTC,Symbol
2025-09-30 02:26:23.287,114434.4,0.043,BTCUSDT
2025-09-30 02:26:23.323,114434.5,0.001,BTCUSDT
2025-09-30 02:26:23.323,114434.5,0.001,BTCUSDT
2025-09-30 02:26:23.323,114434.5,0.001,BTCUSDT
2025-09-30 02:26:23.323,114434.5,0.004,BTCUSDT
2025-09-30 02:26:23.323,114434.5,0.005,BTCUSDT
2025-09-30 02:26:23.341,114434.4,0.096,BTCUSDT
2025-09-30 02:26:23.550,114434.5,0.02,BTCUSDT
2025-09-30 02:26:23.894,114434.5,0.004,BTCUSDT
2025-09-30 02:26:24.032,114434.4,0.581,BTCUSDT
2025-09-30 02:26:24.032,114434.4,0.945,BTCUSDT
2025-09-30 02:26:24.032,114434.4,1.386,BTCUSDT
2025-09-30 02:26:24.032,114434.4,0.61,BTCUSDT
2025-09-30 02:26:24.032,114434.4,0.5,BTCUSDT
2025-09-30 02:26:24.032,114434.4,0.009,BTCUSDT
2025-09-30 02:26:24.032,114434.4,0.2,BTCUSDT
2025-09-30 02:26:24.032,114434.4,0.77,BTCUSDT
2025-09-30 02:26:24.089,114434.4,0.001,BTCUSDT
2025-09-30 02:26:24.185,114434.4,0.178,BTCUSDT
2025-09-30 02:26:24.185,114434.4,0.3,BTCUSDT
2025-09-30 02:26:24.185,114434.4,0.001,BTCUSDT
2025-09-30 02:26:24.185,114434.4,0.001,BTCUSDT
2025-09-30 02:26:24.185,114434.4,0.003,BTCUSDT
2025-09-30 02:26:24.185,114434.4,0.001,BTCUSDT
2025-09-30 02:26:24.185,114434.4,0.002,BTCUSDT
2025-09-30 02:26:24.185,114434.4,0.157,BTCUSDT
2025-09-30 02:26:24.185,114434.4,0.001,BTCUSDT
2025-09-30 02:26:24.185,114434.4,0.005,BTCUSDT
2025-09-30 02:26:24.185,114434.4,0.001,BTCUSDT
2025-09-30 02:26:24.185,114434.4,0.001,BTCUSDT
2025-09-30 02:26:24.185,114434.4,0.029,BTCUSDT
2025-09-30 02:26:24.440,114434.4,0.001,BTCUSDT
2025-09-30 02:26:24.442,114434.4,0.001,BTCUSDT
2025-09-30 02:26:24.447,114434.4,0.012,BTCUSDT
2025-09-30 02:26:24.447,114434.4,0.005,BTCUSDT
2025-09-30 02:26:24.447,114434.4,0.001,BTCUSDT
2025-09-30 02:26:24.447,114434.4,0.001,BTCUSDT
2025-09-30 02:26:24.447,114434.4,0.024,BTCUSDT
2025-09-30 02:26:24.581,114434.4,0.001,BTCUSDT
2025-09-30 02:26:24.997,114434.5,0.043,BTCUSDT
2025-09-30 02:26:25.297,114434.5,0.101,BTCUSDT
2025-09-30 02:26:25.297,114434.5,0.056,BTCUSDT
2025-09-30 02:26:25.364,114434.5,0.003,BTCUSDT
2025-09-30 02:26:25.364,114434.5,0.001,BTCUSDT
2025-09-30 02:26:25.364,114434.5,0.001,BTCUSDT
2025-09-30 02:26:25.364,114434.5,0.087,BTCUSDT
2025-09-30 02:26:25.364,114434.5,0.001,BTCUSDT
2025-09-30 02:26:25.364,114434.5,0.052,BTCUSDT
2025-09-30 02:26:25.364,114434.5,0.042,BTCUSDT
2025-09-30 02:26:25.364,114434.5,0.23,BTCUSDT
2025-09-30 02:26:25.364,114434.5,0.103,BTCUSDT
2025-09-30 02:26:25.364,114434.5,0.001,BTCUSDT
2025-09-30 02:26:25.364,114434.5,0.217,BTCUSDT
2025-09-30 02:26:25.364,114434.5,0.043,BTCUSDT
2025-09-30 02:26:25.364,114434.5,0.001,BTCUSDT
2025-09-30 02:26:25.364,114434.5,0.001,BTCUSDT
2025-09-30 02:26:25.364,114434.5,0.001,BTCUSDT
2025-09-30 02:26:25.364,114434.5,0.001,BTCUSDT
2025-09-30 02:26:25.364,114434.5,0.002,BTCUSDT
2025-09-30 02:26:25.364,114434.5,0.003,BTCUSDT
2025-09-30 02:26:25.364,114434.5,0.003,BTCUSDT
2025-09-30 02:26:25.364,114434.5,0.002,BTCUSDT
2025-09-30 02:26:25.364,114434.6,0.001,BTCUSDT
2025-09-30 02:26:25.364,114434.6,0.001,BTCUSDT
2025-09-30 02:26:25.364,114434.6,0.001,BTCUSDT
2025-09-30 02:26:25.364,114434.6,0.002,BTCUSDT
2025-09-30 02:26:25.364,114434.7,0.002,BTCUSDT
2025-09-30 02:26:25.364,114434.7,0.002,BTCUSDT
2025-09-30 02:26:25.364,114435.2,0.022,BTCUSDT
2025-09-30 02:26:25.364,114435.2,0.021,BTCUSDT
2025-09-30 02:26:25.364,114435.2,0.002,BTCUSDT
2025-09-30 02:26:25.365,114435.2,0.064,BTCUSDT
2025-09-30 02:26:25.365,114435.3,0.002,BTCUSDT
2025-09-30 02:26:25.365,114435.3,0.035,BTCUSDT
2025-09-30 02:26:25.365,114435.3,0.002,BTCUSDT
2025-09-30 02:26:25.365,114435.5,0.002,BTCUSDT
2025-09-30 02:26:25.365,114435.9,0.001,BTCUSDT
2025-09-30 02:26:25.365,114435.9,0.09,BTCUSDT
2025-09-30 02:26:25.365,114436.0,0.001,BTCUSDT
2025-09-30 02:26:25.365,114436.1,0.002,BTCUSDT
2025-09-30 02:26:25.365,114436.3,0.007,BTCUSDT
2025-09-30 02:26:25.367,114436.3,0.003,BTCUSDT
2025-09-30 02:26:25.367,114436.5,0.001,BTCUSDT
2025-09-30 02:26:25.367,114436.7,0.002,BTCUSDT
2025-09-30 02:26:25.367,114436.8,0.001,BTCUSDT
2025-09-30 02:26:25.367,114437.0,0.002,BTCUSDT
2025-09-30 02:26:25.367,114437.3,0.002,BTCUSDT
2025-09-30 02:26:25.367,114437.4,0.001,BTCUSDT
2025-09-30 02:26:25.367,114437.4,0.001,BTCUSDT
2025-09-30 02:26:25.367,114437.4,0.064,BTCUSDT
2025-09-30 02:26:25.367,114437.4,0.001,BTCUSDT
2025-09-30 02:26:25.367,114437.5,0.001,BTCUSDT
2025-09-30 02:26:25.367,114437.8,0.001,BTCUSDT
2025-09-30 02:26:25.368,114437.9,0.002,BTCUSDT
2025-09-30 02:26:25.368,114438.1,0.002,BTCUSDT
2025-09-30 02:26:25.368,114438.2,0.001,BTCUSDT
2025-09-30 02:26:25.368,114438.2,0.001,BTCUSDT
2025-09-30 02:26:25.368,114438.2,0.001,BTCUSDT
2025-09-30 02:26:25.368,114438.4,0.003,BTCUSDT
2025-09-30 02:26:25.368,114438.5,0.002,BTCUSDT
2025-09-30 02:26:25.368,114438.7,0.002,BTCUSDT
2025-09-30 02:26:25.368,114438.8,0.062,BTCUSDT
2025-09-30 02:26:25.369,114438.8,0.004,BTCUSDT
2025-09-30 02:26:25.369,114438.9,0.001,BTCUSDT
2025-09-30 02:26:25.369,114438.9,0.002,BTCUSDT
2025-09-30 02:26:25.369,114439.0,0.002,BTCUSDT
2025-09-30 02:26:25.369,114439.1,0.002,BTCUSDT
2025-09-30 02:26:25.369,114439.3,0.005,BTCUSDT
2025-09-30 02:26:25.369,114439.5,0.001,BTCUSDT
2025-09-30 02:26:25.369,114439.7,0.002,BTCUSDT
2025-09-30 02:26:25.369,114439.8,0.002,BTCUSDT
2025-09-30 02:26:25.369,114439.8,0.001,BTCUSDT
2025-09-30 02:26:25.369,114440.0,0.001,BTCUSDT
2025-09-30 02:26:25.369,114440.0,0.002,BTCUSDT
2025-09-30 02:26:25.369,114440.2,0.001,BTCUSDT
2025-09-30 02:26:25.369,114440.2,0.06,BTCUSDT
2025-09-30 02:26:25.381,114440.3,0.002,BTCUSDT
2025-09-30 02:26:25.381,114440.3,0.001,BTCUSDT
2025-09-30 02:26:25.381,114440.3,0.001,BTCUSDT
2025-09-30 02:26:25.381,114440.3,0.001,BTCUSDT
2025-09-30 02:26:25.381,114440.3,0.001,BTCUSDT
2025-09-30 02:26:25.381,114440.3,0.001,BTCUSDT
2025-09-30 02:26:25.381,114440.3,0.001,BTCUSDT
2025-09-30 02:26:25.381,114440.4,0.003,BTCUSDT
2025-09-30 02:26:25.407,114440.5,0.044,BTCUSDT
2025-09-30 02:26:25.497,114440.6,0.001,BTCUSDT
2025-09-30 02:26:25.497,114440.6,0.001,BTCUSDT
2025-09-30 02:26:25.497,114440.6,0.001,BTCUSDT
2025-09-30 02:26:25.497,114440.6,0.001,BTCUSDT
2025-09-30 02:26:25.497,114440.6,0.001,BTCUSDT
2025-09-30 02:26:25.497,114440.6,0.001,BTCUSDT
2025-09-30 02:26:25.497,114440.6,0.001,BTCUSDT
2025-09-30 02:26:25.497,114440.6,0.001,BTCUSDT
2025-09-30 02:26:25.497,114440.6,0.001,BTCUSDT
2025-09-30 02:26:25.497,114440.6,0.005,BTCUSDT
2025-09-30 02:26:25.527,114440.6,0.007,BTCUSDT
2025-09-30 02:26:25.527,114440.6,0.087,BTCUSDT
2025-09-30 02:26:25.527,114440.6,0.087,BTCUSDT
2025-09-30 02:26:25.527,114440.6,0.002,BTCUSDT
2025-09-30 02:26:25.527,114440.6,0.001,BTCUSDT
2025-09-30 02:26:25.527,114440.7,0.001,BTCUSDT
2025-09-30 02:26:25.527,114440.7,0.001,BTCUSDT
2025-09-30 02:26:25.527,114440.7,0.001,BTCUSDT
2025-09-30 02:26:25.527,114440.8,0.001,BTCUSDT
2025-09-30 02:26:25.527,114440.9,0.002,BTCUSDT
2025-09-30 02:26:25.527,114441.2,0.001,BTCUSDT
2025-09-30 02:26:25.527,114441.5,0.002,BTCUSDT
2025-09-30 02:26:25.527,114441.7,0.002,BTCUSDT
2025-09-30 02:26:25.548,114442.0,0.002,BTCUSDT
2025-09-30 02:26:25.548,114442.1,0.002,BTCUSDT
2025-09-30 02:26:25.548,114442.2,0.001,BTCUSDT
2025-09-30 02:26:25.548,114442.2,0.003,BTCUSDT
2025-09-30 02:26:25.548,114442.7,0.002,BTCUSDT
2025-09-30 02:26:25.548,114443.1,0.001,BTCUSDT
2025-09-30 02:26:25.548,114443.3,0.002,BTCUSDT
2025-09-30 02:26:25.548,114443.6,0.002,BTCUSDT
2025-09-30 02:26:25.893,114443.8,0.002,BTCUSDT
2025-09-30 02:26:26.132,114443.8,0.039,BTCUSDT
2025-09-30 02:26:26.300,114443.7,0.044,BTCUSDT
2025-09-30 02:26:26.471,114443.7,0.038,BTCUSDT
2025-09-30 02:26:26.721,114443.7,0.007,BTCUSDT
2025-09-30 02:26:26.794,114443.8,0.007,BTCUSDT
2025-09-30 02:26:27.167,114443.7,0.004,BTCUSDT
2025-09-30 02:26:27.324,114443.7,0.047,BTCUSDT
2025-09-30 02:26:27.474,114443.7,0.061,BTCUSDT
2025-09-30 02:26:28.195,114443.8,0.017,BTCUSDT
2025-09-30 02:26:28.302,114443.7,0.01,BTCUSDT
2025-09-30 02:26:28.328,114443.7,0.047,BTCUSDT
2025-09-30 02:26:28.699,114443.7,0.028,BTCUSDT
2025-09-30 02:26:28.952,114443.8,0.007,BTCUSDT
2025-09-30 02:26:29.022,114443.7,0.02,BTCUSDT
2025-09-30 02:26:29.122,114443.8,0.033,BTCUSDT
2025-09-30 02:26:29.123,114443.8,0.012,BTCUSDT
2025-09-30 02:26:29.124,114443.8,0.045,BTCUSDT
2025-09-30 02:26:29.124,114443.8,0.07,BTCUSDT
2025-09-30 02:26:29.125,114443.8,0.002,BTCUSDT
2025-09-30 02:26:29.125,114443.8,0.04,BTCUSDT
2025-09-30 02:26:29.126,114443.8,0.04,BTCUSDT
2025-09-30 02:26:29.126,114443.8,0.051,BTCUSDT
2025-09-30 02:26:29.132,114443.8,0.123,BTCUSDT
2025-09-30 02:26:29.133,114443.8,0.008,BTCUSDT
2025-09-30 02:26:29.133,114443.8,0.004,BTCUSDT
2025-09-30 02:26:29.133,114443.8,0.002,BTCUSDT
2025-09-30 02:26:29.242,114443.7,0.047,BTCUSDT
2025-09-30 02:26:29.326,114443.8,0.028,BTCUSDT
2025-09-30 02:26:30.167,114443.7,0.048,BTCUSDT
2025-09-30 02:26:30.186,114443.8,0.043,BTCUSDT
2025-09-30 02:26:30.192,114443.8,0.017,BTCUSDT
2025-09-30 02:26:30.616,114443.8,0.005,BTCUSDT
2025-09-30 02:26:30.721,114443.8,0.001,BTCUSDT
2025-09-30 02:26:30.895,114443.8,0.013,BTCUSDT
2025-09-30 02:26:31.093,114443.7,0.087,BTCUSDT
2025-09-30 02:26:31.141,114443.7,0.048,BTCUSDT
2025-09-30 02:26:31.406,114443.7,0.017,BTCUSDT
2025-09-30 02:26:31.987,114443.8,0.004,BTCUSDT
2025-09-30 02:26:32.178,114443.8,0.02,BTCUSDT
2025-09-30 02:26:32.188,114443.7,0.048,BTCUSDT
2025-09-30 02:26:32.713,114443.8,0.016,BTCUSDT
2025-09-30 02:26:32.713,114443.8,0.021,BTCUSDT
2025-09-30 02:26:33.162,114443.7,0.048,BTCUSDT
2025-09-30 02:26:33.181,114443.8,0.02,BTCUSDT
2025-09-30 02:26:34.197,114443.7,0.048,BTCUSDT
2025-09-30 02:26:34.560,114443.7,0.008,BTCUSDT
2025-09-30 02:26:34.703,114443.8,0.002,BTCUSDT
2025-09-30 02:26:35.332,114443.7,0.048,BTCUSDT
2025-09-30 02:26:35.693,114443.7,0.012,BTCUSDT
2025-09-30 02:26:36.136,114443.8,0.129,BTCUSDT
2025-09-30 02:26:36.136,114443.8,0.001,BTCUSDT
2025-09-30 02:26:36.136,114443.8,0.001,BTCUSDT
2025-09-30 02:26:36.136,114443.8,0.004,BTCUSDT
2025-09-30 02:26:36.340,114443.7,0.048,BTCUSDT
2025-09-30 02:26:37.159,114443.8,0.006,BTCUSDT
2025-09-30 02:26:37.333,114443.7,0.01,BTCUSDT
2025-09-30 02:26:37.333,114443.7,0.038,BTCUSDT
